<?xml version="1.0" encoding="UTF-8"?><collection xmlns="http://www.loc.gov/MARC21/slim"><record><leader>00427nam--2200133-i-4500</leader><controlfield tag="001">000028335</controlfield><controlfield tag="002">20161230</controlfield><controlfield tag="005">20161230201037</controlfield><controlfield tag="008">060222s1000------------r-----000-0-eng-d</controlfield><datafield ind1=" " ind2=" " tag="080"><subfield code="a">548.2:538</subfield></datafield><datafield ind1=" " ind2=" " tag="100"><subfield code="a">Leleyter, Mireille</subfield></datafield><datafield ind1=" " ind2=" " tag="245"><subfield code="a">Proprietes electroniques de petits agregats metalliques. application a l`emission ionique secondaire</subfield></datafield><datafield ind1=" " ind2=" " tag="260"><subfield code="a">Paris, Orsay, L`Univ.De Paris-sud, Centre D`Orsay, 1975, 197p</subfield></datafield><datafield ind1=" " ind2=" " tag="852"><subfield code="a">44068</subfield></datafield></record></collection>